<record><leader>00000cas a22000007a 4500</leader><controlfield tag="001">11978369</controlfield><controlfield tag="008">850429c18819999wiuwr ne      0    0eng d</controlfield><datafield ind1=" " ind2=" " tag="010"><subfield code="a">sn 85040564 </subfield></datafield><datafield ind1=" " ind2=" " tag="040"><subfield code="a">NPV</subfield><subfield code="b">eng</subfield><subfield code="c">NPV</subfield><subfield code="d">OCLCQ</subfield></datafield><datafield ind1=" " ind2=" " tag="032"><subfield code="a">200600</subfield><subfield code="b">USPS</subfield></datafield><datafield ind1=" " ind2=" " tag="042"><subfield code="a">msc</subfield></datafield><datafield ind1=" " ind2=" " tag="045"><subfield code="a">w8--1</subfield></datafield><datafield ind1=" " ind2=" " tag="052"><subfield code="a">4123</subfield><subfield code="b">F5</subfield></datafield><datafield ind1="0" ind2="4" tag="245"><subfield code="a">The Florence mining news.</subfield></datafield><datafield ind1="1" ind2="3" tag="246"><subfield code="a">Mining news</subfield></datafield><datafield ind1=" " ind2=" " tag="260"><subfield code="a">Florence, Marinette [i.e. Florence] County, Wis. :</subfield><subfield code="b">James. F. Atkinson,</subfield><subfield code="c">1881-</subfield></datafield><datafield ind1=" " ind2=" " tag="300"><subfield code="a">v. :</subfield><subfield code="b">ill.</subfield></datafield><datafield ind1=" " ind2=" " tag="310"><subfield code="a">Weekly</subfield></datafield><datafield ind1="0" ind2=" " tag="362"><subfield code="a">Vol. 1, no. 1 (Jan. 1, 1881)-</subfield></datafield><datafield ind1=" " ind2=" " tag="500"><subfield code="a">Editor: Osborn &amp; Toner, May 1883-Apr. 1884.--C.S. Osborn, May 1884-Apr. 1887.--Campbell &amp; Youngs, Apr. 1887-Aug. 1888.--G.C. Youngs, Sept. 1888-Jan. 1904.--G.C. Youngs, C.O. Youngs, Feb. 1904-June 1910.--G.C. Youngs, June 1910-Dec. 1913.--G.C. Youngs, C.O. Youngs, Dec. 1913-Dec. 1914.--C.O. Youngs, Jan. 1915-Sept. 1959.--C.C. Erickson, Oct. 1959-&lt;Sept. 1983&gt;.--N. Cochrane, &lt;Jan. 1984&gt;-</subfield></datafield><datafield ind1=" " ind2=" " tag="530"><subfield code="a">Available on microfilm from The State Historical Society of Wisconsin.</subfield></datafield><datafield ind1=" " ind2=" " tag="752"><subfield code="a">United States</subfield><subfield code="b">Wisconsin</subfield><subfield code="c">Florence</subfield><subfield code="d">Florence.</subfield></datafield><datafield ind1="1" ind2=" " tag="029"><subfield code="a">AU@</subfield><subfield code="b">000025802506</subfield></datafield></record>